%0
@incollection{reference/parallel/KarmaniA11,
    author = "Karmani, Rajesh K. and Agha, Gul",
    editor = "Padua, David A.",
    title = "Actors",
    booktitle = "Encyclopedia of Parallel Computing",
    crossref = "reference/parallel/2011",
    ee = "http://dx.doi.org/10.1007/978-0-387-09766-4_125",
    keywords = "programming languages",
    pages = "1-11",
    year = "2011",
}

@book{reference/parallel/2011,
    editor = "Padua, David A.",
    title = "Encyclopedia of Parallel Computing",
    ee = "http://dx.doi.org/10.1007/978-0-387-09766-4",
    isbn = "978-0-387-09765-7",
    publisher = "Springer",
    year = "2011",
}

%0W
@misc{WikiLang,
  author="Multiple",
  title="Actor model - Programming with Actors",
  publisher="Wikimedia Foundation, Inc.",
  year = 	"2017",
  note = 	"https://en.wikipedia.org/wiki/Actor_model#Programming_with_Actors"
}

%1
@inproceedings{conf/pppj/KarmaniSA09,
    author = "Karmani, Rajesh K. and Shali, Amin and Agha, Gul",
    editor = "Stephenson, Ben and Probst, Christian W.",
    title = "Actor frameworks for the JVM platform: a comparative
             analysis",
    booktitle = "PPPJ",
    crossref = "conf/pppj/2009",
    ee = "http://doi.acm.org/10.1145/1596655.1596658",
    keywords = "software engineering, programming languages",
    pages = "11-20",
    year = "2009",
}

@proceedings{conf/pppj/2009,
    editor = "Stephenson, Ben and Probst, Christian W.",
    title = "Proceedings of the 7th International Conference on
             Principles and Practice of Programming in Java, PPPJ 2009,
             Calgary, Alberta, Canada, August 27-28, 2009",
    isbn = "978-1-60558-598-7",
    publisher = "ACM",
    year = "2009",
}

%2
@ARTICLE{Lee03actor-orienteddesign,
    author = {Edward A. Lee and Stephen Neuendorffer and Michael J. Wirthlin},
    title = {Actor-Oriented Design Of Embedded Hardware And Software Systems},
    journal = {Journal of Circuits, Systems, and Computers},
    year = {2003},
    volume = {12},
    pages = {231--260}
}

%3
@misc{ErlangKilic,
  author="Kilic, Omer",
  title="The Actor Model applied to the Raspberry Pi and the Embedded Domain - The Erlang Embedded Project",
  publisher="Erlang Solutions",
  year = 	"2013",
  location = {ACCU 2013 Conference},
  pages="5-29",
  note = 	"https://www.slideshare.net/omerk/the-actor-model-applied-to-the-raspberry-pi-and-the-embedded-domain"
}

%4
@misc{ActorSander,
  author="Sonajalg, Sander",
  title="Actor-based model for concurrent programming",
  publisher="Distributed Systems Group - University of Tartu",
  year = 	"2009",
  note = 	"http://ds.cs.ut.ee/courses/previous/seminar-materials/SanderS6najalg-slides.pdf/view"
}

%5
@Inbook{Agha2016,
	author="Agha, Gul",
	editor="De Nicola, Rocco
	and K{\"u}hn, Eva",
	title="Abstractions, Semantic Models and Analysis Tools for Concurrent Systems: Progress and Open Problems",
	bookTitle="Software Engineering and Formal Methods: 14th International Conference, SEFM 2016, Held as Part of STAF 2016, Vienna, Austria, July 4-8, 2016, Proceedings",
	year="2016",
	publisher="Springer International Publishing",
	address="Cham",
	pages="3--8",
	isbn="978-3-319-41591-8",
	doi="10.1007/978-3-319-41591-8_1",
	url="http://dx.doi.org/10.1007/978-3-319-41591-8_1"
}

@misc{Agha2016:2,
  author="Agha, Gul",
  title="Abstractions, Semantic Models and Analysis Tools for Concurrent Systems: Progress and Open Problems - SEFM Keynote 1 at STAF 2016",
  publisher="STAF 2016",
  year = 	"2016",
  location = {Vienna, Austria},
  address = {University of Illinois at Urbana-Champaign, USA},
  pages="14-36",
  note = 	"http://staf2016.conf.tuwien.ac.at/wp-content/uploads/SEFM2016-GulAgha.pdf"
}

%6
@inproceedings{Roloff:2016:AAL:2931028.2931033,
 author = {Roloff, Sascha and P\"{o}ppl, Alexander and Schwarzer, Tobias and Wildermann, Stefan and Bader, Michael and Gla\ss, Michael and Hannig, Frank and Teich, J\"{u}rgen},
 title = {ActorX10: An Actor Library for X10},
 booktitle = {Proceedings of the 6th ACM SIGPLAN Workshop on X10},
 series = {X10 2016},
 year = {2016},
 isbn = {978-1-4503-4386-2},
 location = {Santa Barbara, CA, USA},
 pages = {24--29},
 numpages = {6},
 url = {http://doi.acm.org/10.1145/2931028.2931033},
 doi = {10.1145/2931028.2931033},
 acmid = {2931033},
 publisher = {ACM},
 address = {New York, NY, USA},
 keywords = {Parallel programming, actor-based programming, high performance computing, stream processing},
}

%FB
@misc{Facebook,
  author="Letuchy, Eugene",
  title="Facebook Chat",
  publisher="Facebook, Inc.",
  year = 	"2008",
  note = 	"https://www.facebook.com/note.php?note_id=14218138919"
}

%TW
@misc{Twitter,
  author="Payne, Alex and Glenn",
  title="Engineer-to-Engineer Talk: How and Why Twitter Uses Scala",
  publisher="Redfin Engineering",
  year = 	"2010",
  note = 	"https://redfin.engineering/engineer-to-engineer-talk-how-and-why-twitter-uses-scala-81e036cba7d"
}

%H4
@misc{Halo4,
  author="Stenberg, Jan",
  title="Abstractions, Semantic Models and Analysis Tools for Concurrent Systems: Progress and Open Problems",
  publisher="InfoQ",
  year = 	"2015",
  note = 	"https://www.infoq.com/news/2015/03/halo4-actor-model"
}

%MS
@misc{MicroS,
  author="Lewis, James and Fowler, Martin",
  title="Microservices - a definition of this new architectural term",
  publisher="Martin Fowler",
  year = 	"2014",
  note = 	"https://martinfowler.com/articles/microservices.html"
}

%CAF
@inproceedings{cshw-nassp-13,
  author = {Dominik Charousset and Thomas C. Schmidt and Raphael Hiesgen and Matthias W{\"a}hlisch},
  title = {{Native Actors -- A Scalable Software Platform for Distributed, Heterogeneous Environments}},
  booktitle = {Proc. of the 4rd ACM SIGPLAN Conference on Systems, Programming, and Applications (SPLASH '13), Workshop AGERE!},
  pages = {87--96},
  month = {Oct.},
  year = {2013},
  publisher = {ACM},
  address = {New York, NY, USA}
}

@article{chs-rapc-16,
  author = {Dominik Charousset and Raphael Hiesgen and Thomas C. Schmidt},
  title = {{Revisiting Actor Programming in C++}},
  journal = {Computer Languages, Systems \& Structures},
  volume = {45},
  year = {2016},
  month = "April",
  pages = {105--131},
  publisher = {Elsevier}
}